
@inproceedings{dunkels2004contiki,
  title={Contiki-a lightweight and flexible operating system for tiny networked sensors},
  author={Dunkels, Adam and Gronvall, Bjorn and Voigt, Thiemo},
  booktitle={Local Computer Networks, 2004. 29th Annual IEEE International Conference on},
  pages={455--462},
  year={2004},
  organization={IEEE}
}

@inproceedings{zegeye2023connected,
  title={Connected Smart Home over Matter Protocol},
  author={Zegeye, Wondimu and Jemal, Ahamed and Kornegay, Kevin},
  booktitle={2023 IEEE International Conference on Consumer Electronics (ICCE)},
  pages={1--7},
  year={2023},
  organization={IEEE}
}

@inproceedings{corem,
  title={Matter Core Specification},
  author={Agrawal, Amit and Azria, Shana and Bartolome, Diego and Ben, Thomas},
  booktitle={Matter Core Specification},
  year={2023-09-23},
  organization={Connectivity Standards Alliance}
}

@inproceedings{trentin2018lightweight,
  title={Lightweight M2M protocol: Archetyping an IoT device, and deploying an upgrade architecture},
  author={Trentin, Iago Felipe and Berlemont, Samuel and Barone, Dante Augusto Couto},
  booktitle={2018 IEEE International Conference on Pervasive Computing and Communications Workshops (PerCom Workshops)},
  pages={403--408},
  year={2018},
  organization={IEEE}
}

@inproceedings{corel,
  title={Lightweight M2M Core Specification},
  author={OMA},
  booktitle={Lightweight M2M Core Specification},
  year={2022-12-09},
  organization={Open Mobile Alliance}
}

@inproceedings{putera2015incorporating,
  title={Incorporating OMA Lightweight M2M protocol in IoT/M2M standard architecture},
  author={Putera, Christian Antonia Lusiarta and Lin, Fuchun Joseph},
  booktitle={2015 IEEE 2nd World Forum on Internet of Things (WF-IoT)},
  pages={559--564},
  year={2015},
  organization={IEEE}
}